@article{bauerlow,
    title={Low-Resource Routing Attacks Against Anonymous Systems},
    author={Bauer, Kevin and McCoy, Damon and Grunwald, Dirk and Kohno, Tadayoshi and Sicker, Douglas}
}

@techreport{dingledine2004tor,
    title={Tor: The second-generation onion router},
    author={Dingledine, Roger and Mathewson, Nick and Syverson, Paul},
    year={2004},
    institution={DTIC Document}
}


@article{dhtsec,
    title={A survey of DHT security techniques},
    author={Urdaneta, Guido and Pierre, Guillaume and Steen, Maarten Van},
    journal={ACM Computing Surveys (CSUR)},
    volume={43},
    number={2},
    pages={8},
    year={2011},
    publisher={ACM}
}

@inproceedings{snader2008tune,
    title={A Tune-up for Tor: Improving Security and Performance in the Tor Network.},
    author={Snader, Robin and Borisov, Nikita},
    booktitle={NDSS},
    volume={8},
    pages={127},
    year={2008}
}

@inproceedings{dinger2006defending,
    title={Defending the sybil attack in p2p networks: Taxonomy, challenges, and a proposal for self-registration},
    author={Dinger, Jochen and Hartenstein, Hannes},
    booktitle={Availability, Reliability and Security, 2006. ARES 2006. The First International Conference on},
    pages={8--pp},
    year={2006},
    organization={IEEE}
}