@inproceedings{bellare2004hash,
  title={Hash function balance and its impact on birthday attacks},
  author={Bellare, Mihir and Kohno, Tadayoshi},
  booktitle={Advances in Cryptology-Eurocrypt 2004},
  pages={401--418},
  year={2004},
  organization={Springer}
}